<?xml version="1.0" encoding="UTF-8"?><record xmlns="http://www.loc.gov/MARC21/slim" xmlns:cinclude="http://apache.org/cocoon/include/1.0" xmlns:zs="http://www.loc.gov/zing/srw/">
  <leader>01104nz  a2200241n  4500</leader>
  <controlfield tag="001">no2013051546</controlfield>
  <controlfield tag="003">DLC</controlfield>
  <controlfield tag="005">20130512075308.0</controlfield>
  <controlfield tag="008">130510n| azannaabn          |b aaa     c</controlfield>
  <datafield tag="010" ind1=" " ind2=" ">
    <subfield code="a">no2013051546</subfield>
  </datafield>
  <datafield tag="035" ind1=" " ind2=" ">
    <subfield code="a">(OCoLC)oca09471064</subfield>
  </datafield>
  <datafield tag="040" ind1=" " ind2=" ">
    <subfield code="a">CU-S</subfield>
    <subfield code="b">eng</subfield>
    <subfield code="e">rda</subfield>
    <subfield code="c">CU-S</subfield>
  </datafield>
  <datafield tag="100" ind1="1" ind2=" ">
    <subfield code="a">Lü, Xinchun</subfield>
  </datafield>
  <datafield tag="372" ind1=" " ind2=" ">
    <subfield code="a">Folk music</subfield>
    <subfield code="a">Musicology</subfield>
    <subfield code="2">lcsh</subfield>
  </datafield>
  <datafield tag="373" ind1=" " ind2=" ">
    <subfield code="a">Zhong yang yan jiu yuan. Min zu xue yan jiu suo</subfield>
    <subfield code="2">naf</subfield>
    <subfield code="s">2013</subfield>
  </datafield>
  <datafield tag="374" ind1=" " ind2=" ">
    <subfield code="a">Musicologists</subfield>
    <subfield code="2">lcsh</subfield>
  </datafield>
  <datafield tag="375" ind1=" " ind2=" ">
    <subfield code="a">female</subfield>
  </datafield>
  <datafield tag="377" ind1=" " ind2=" ">
    <subfield code="a">chi</subfield>
  </datafield>
  <datafield tag="400" ind1="1" ind2=" ">
    <subfield code="a">呂心純</subfield>
  </datafield>
  <datafield tag="400" ind1="1" ind2=" ">
    <subfield code="a">Lu, Hsin-Chun</subfield>
  </datafield>
  <datafield tag="667" ind1=" " ind2=" ">
    <subfield code="a">Non-Latin script reference not evaluated.</subfield>
  </datafield>
  <datafield tag="670" ind1=" " ind2=" ">
    <subfield code="a">Wei tun se de jin bi hui huang</subfield>
    <subfield code="b">t.p. (呂心純 = Lü Xinchun)</subfield>
  </datafield>
  <datafield tag="670" ind1=" " ind2=" ">
    <subfield code="a">Institute of Ethnology Academia Sinica WWW site, April 26 2013:</subfield>
    <subfield code="b">Lu Xinchun page (呂心純 = Lü Xinchun; Lu Hsin-Chun [in rom.]; associate researcher, Zhong yang yan jiu yuan min zu xue yan jiu suo; Ph D, University of California, Los Angeles, 2007)</subfield>
    <subfield code="u">http://www.ioe.sinica.edu.tw/Content/Researcher/content.aspx?&amp;SiteID=530167135246736660&amp;MenuID=530167136406372131&amp;Fid=530167136243516715&amp;MSID=530210513744241613</subfield>
  </datafield>
</record>